<record><leader>00000cas a22000007a 4500</leader><controlfield tag="001">10422165</controlfield><controlfield tag="008">840216d18661917ctudn ne      0   a0eng d</controlfield><datafield ind1=" " ind2=" " tag="010"><subfield code="a">sn 84022472 </subfield></datafield><datafield ind1=" " ind2=" " tag="040"><subfield code="a">NPX</subfield><subfield code="b">eng</subfield><subfield code="c">NPX</subfield><subfield code="d">NPU</subfield><subfield code="d">NYS</subfield><subfield code="d">CNW</subfield><subfield code="d">OCL</subfield><subfield code="d">CNW</subfield><subfield code="d">OCLCQ</subfield><subfield code="d">OCLCF</subfield><subfield code="d">OCLCO</subfield><subfield code="d">DLC</subfield></datafield><datafield ind1="0" ind2=" " tag="022"><subfield code="a">2381-0033</subfield><subfield code="2">1</subfield></datafield><datafield ind1=" " ind2=" " tag="042"><subfield code="a">msc</subfield><subfield code="a">nsdp</subfield></datafield><datafield ind1=" " ind2=" " tag="043"><subfield code="a">n-us-ct</subfield></datafield><datafield ind1="0" ind2="0" tag="050"><subfield code="a">Newspaper</subfield></datafield><datafield ind1="0" ind2="0" tag="082"><subfield code="a">071</subfield><subfield code="2">23</subfield></datafield><datafield ind1=" " ind2="4" tag="222"><subfield code="a">The Bridgeport evening farmer</subfield><subfield code="b">(Print)</subfield></datafield><datafield ind1="0" ind2="4" tag="245"><subfield code="a">The Bridgeport evening farmer.</subfield></datafield><datafield ind1="1" ind2="3" tag="246"><subfield code="a">Daily Bridgeport farmer</subfield><subfield code="f">&lt;Sept. 24, 1866-Feb. 28, 1870&gt;</subfield></datafield><datafield ind1="1" ind2="3" tag="246"><subfield code="a">Daily Republican Farmer</subfield><subfield code="f">Apr. 12- Sept. 20, 1866</subfield></datafield><datafield ind1=" " ind2=" " tag="260"><subfield code="a">Bridgeport, Conn. :</subfield><subfield code="b">Pomeroy, Gould &amp; Co.</subfield></datafield><datafield ind1=" " ind2=" " tag="300"><subfield code="a">v. :</subfield><subfield code="b">ill. ;</subfield><subfield code="c">66 cm.</subfield></datafield><datafield ind1=" " ind2=" " tag="310"><subfield code="a">Daily (except Sun.)</subfield></datafield><datafield ind1="0" ind2=" " tag="362"><subfield code="a">Vol. 2, no. 475 (Apr. 12, 1866)-v. 53, no. 308 (Dec. 31, 1917).</subfield></datafield><datafield ind1=" " ind2=" " tag="515"><subfield code="a">Issues for Jan. 3, 1871-Dec. 31, 1904 lack issue numbering.</subfield></datafield><datafield ind1=" " ind2=" " tag="530"><subfield code="a">Also issued on microfilm from Connecticut State Library, Hartford, CT.</subfield></datafield><datafield ind1=" " ind2=" " tag="530"><subfield code="a">Archived issues are available in digital format from the Library of Congress Chronicling America online collection.</subfield></datafield><datafield ind1=" " ind2=" " tag="580"><subfield code="a">Weekly ed.: Republican farmer (Danbury, Conn.).</subfield></datafield><datafield ind1=" " ind2="0" tag="651"><subfield code="a">Bridgeport (Conn.)</subfield><subfield code="v">Newspapers.</subfield></datafield><datafield ind1=" " ind2="7" tag="651"><subfield code="a">Connecticut</subfield><subfield code="z">Bridgeport.</subfield><subfield code="2">fast</subfield><subfield code="0">(OCoLC)fst01209541</subfield></datafield><datafield ind1=" " ind2="7" tag="655"><subfield code="a">Newspapers.</subfield><subfield code="2">fast</subfield><subfield code="0">(OCoLC)fst01423814</subfield></datafield><datafield ind1=" " ind2=" " tag="752"><subfield code="a">United States</subfield><subfield code="b">Connecticut</subfield><subfield code="c">Fairfield</subfield><subfield code="d">Bridgeport.</subfield></datafield><datafield ind1="1" ind2=" " tag="775"><subfield code="t">Republican farmer (Danbury, Conn.)</subfield><subfield code="x">2381-0106</subfield><subfield code="w">(DLC)sn 82015536</subfield><subfield code="w">(OCoLC)8813980</subfield></datafield><datafield ind1="0" ind2="8" tag="776"><subfield code="i">Online version:</subfield><subfield code="t">Bridgeport evening farmer</subfield><subfield code="x">2381-0041</subfield><subfield code="w">(DLC)  2015218853</subfield><subfield code="w">(OCoLC)918942347</subfield></datafield><datafield ind1="0" ind2="0" tag="780"><subfield code="t">Evening farmer</subfield><subfield code="w">(DLC)sn 92051226</subfield><subfield code="w">(OCoLC)25611954</subfield></datafield><datafield ind1="0" ind2="0" tag="785"><subfield code="t">Bridgeport times and evening farmer</subfield><subfield code="x">2381-0068</subfield><subfield code="w">(DLC)sn 92051227</subfield><subfield code="w">(OCoLC)25612160</subfield></datafield><datafield ind1="4" ind2="1" tag="856"><subfield code="u">http://www.loc.gov/chroniclingamerica/lccn/sn84022472/issues</subfield></datafield><datafield ind1="1" ind2=" " tag="029"><subfield code="a">AU@</subfield><subfield code="b">000020228162</subfield></datafield></record>